ISA*00*          *00*          *ZZ*PAYER_ID       *ZZ*PROVIDER_ID    *230920*0800*^*00501*000000002*0*P*:~
GS*HP*PAYER_CODE*PROVIDER_CODE*20230920*0800*2*X*005010X221A1~
ST*835*0002*005010X221A1~
BPR*I*375.00*C*CHK************20230920~
TRN*1*TRACE001*1234567890~
DTM*405*20230920~
N1*PR*BLUE CROSS PAYER~
N3*789 INSURANCE BLVD~
N4*PAYERCITY*TX*75001~
N1*PE*GOOD HEALTH CLINIC*XX*1234567893~
LX*1~
CLP*CLAIM001*1*250.00*200.00*50.00*12*ORIGREF001*11~
CAS*CO*45*25.00~
CAS*PR*2*25.00~
NM1*QC*1*DOE*JOHN~
SVC*HC:99213*125.00*100.00**1~
DTM*472*20230910~
CAS*CO*45*15.00~
AMT*B6*100.00~
SVC*HC:85025*125.00*100.00**2~
DTM*472*20230910~
CAS*CO*45*10.00~
AMT*B6*100.00~
SE*23*0002~
GE*1*2~
IEA*1*000000002~
